<record><leader>00000cas a22000007a 4500</leader><controlfield tag="001">12609614</controlfield><controlfield tag="008">850927d18311833pauwr ne      0    0eng d</controlfield><datafield ind1=" " ind2=" " tag="010"><subfield code="a">sn 85055087 </subfield></datafield><datafield ind1=" " ind2=" " tag="040"><subfield code="a">NPH</subfield><subfield code="b">eng</subfield><subfield code="c">NPH</subfield><subfield code="d">NPX</subfield><subfield code="d">NPH</subfield><subfield code="d">OCLCQ</subfield></datafield><datafield ind1=" " ind2=" " tag="042"><subfield code="a">msc</subfield></datafield><datafield ind1="0" ind2=" " tag="130"><subfield code="a">Reading chronicle (Reading, Pa.)</subfield></datafield><datafield ind1="1" ind2="4" tag="245"><subfield code="a">The Reading chronicle.</subfield></datafield><datafield ind1="1" ind2="7" tag="246"><subfield code="a">Chronicle</subfield></datafield><datafield ind1=" " ind2=" " tag="260"><subfield code="a">Reading, Pa. :</subfield><subfield code="b">Robert Johnston,</subfield><subfield code="c">1831-1833.</subfield></datafield><datafield ind1=" " ind2=" " tag="300"><subfield code="a">v. :</subfield><subfield code="b">ill. (chiefly advertisements) ;</subfield><subfield code="c">56 cm.</subfield></datafield><datafield ind1=" " ind2=" " tag="310"><subfield code="a">Weekly</subfield></datafield><datafield ind1="0" ind2=" " tag="362"><subfield code="a">Vol. 9, no. 46 (Apr. 12, 1831)-v. 11, no. 570 (Apr. 30, 1833).</subfield></datafield><datafield ind1=" " ind2=" " tag="515"><subfield code="a">Issues for &lt;Apr. 12-May 17, 1831&gt; called also &lt;total nos. 460-467&gt;.</subfield></datafield><datafield ind1=" " ind2=" " tag="752"><subfield code="a">United States</subfield><subfield code="b">Pennsylvania</subfield><subfield code="c">Berks</subfield><subfield code="d">Reading.</subfield></datafield><datafield ind1="0" ind2="0" tag="780"><subfield code="t">Chronicle of the times (Reading, Pa. : 1823)</subfield><subfield code="w">(DLC)sn 85054185</subfield></datafield><datafield ind1="0" ind2="0" tag="785"><subfield code="t">Chronicle of the times (Reading, Pa. : 1833)</subfield><subfield code="w">(DLC)sn 88079588</subfield></datafield></record>